
@article{Aghamousa:2016zmz,
      author         = "Aghamousa, Amir and others",
      title          = "{The DESI Experiment Part I: Science,Targeting, and
                        Survey Design}",
      collaboration  = "DESI",
      year           = "2016",
      eprint         = "1611.00036",
      archivePrefix  = "arXiv",
      primaryClass   = "astro-ph.IM",
      reportNumber   = "FERMILAB-PUB-16-517-AE",
      SLACcitation   = "%%CITATION = ARXIV:1611.00036;%%"
}

@article{doi:10.1093/mnras/sts314,
author = {Parejko, John K. and Sunayama, Tomomi and Padmanabhan, Nikhil and Wake, David A. and Berlind, Andreas A. and Bizyaev, Dmitry and Blanton, Michael and Bolton, Adam S. and van den Bosch, Frank and Brinkmann, Jon and Brownstein, Joel R. and da Costa, Luiz Alberto Nicolaci and Eisenstein, Daniel J. and Guo, Hong and Kazin, Eyal and Maia, Marcio and Malanushenko, Elena and Maraston, Claudia and McBride, Cameron K. and Nichol, Robert C. and Oravetz, Daniel J. and Pan, Kaike and Percival, Will J. and Prada, Francisco and Ross, Ashley J. and Ross, Nicholas P. and Schlegel, David J. and Schneider, Don and Simmons, Audrey E. and Skibba, Ramin and Tinker, Jeremy and Tojeiro, Rita and Weaver, Benjamin A. and Wetzel, Andrew and White, Martin and Weinberg, David H. and Thomas, Daniel and Zehavi, Idit and Zheng, Zheng},
title = {The clustering of galaxies in the SDSS-III Baryon Oscillation Spectroscopic Survey: the low-redshift sample},
journal = {Monthly Notices of the Royal Astronomical Society},
volume = {429},
number = {1},
pages = {98-112},
year = {2013},
doi = {10.1093/mnras/sts314},
URL = { + http://dx.doi.org/10.1093/mnras/sts314},
eprint = {/oup/backfile/content_public/journal/mnras/429/1/10.1093/mnras/sts314/2/sts314.pdf}
}

@article{Crocce:2017iwq,
      author         = "Crocce, M. and others",
      title          = "{Dark Energy Survey Year 1 Results: Galaxy Sample for BAO
                        Measurement}",
      collaboration  = "DES",
      journal        = "Submitted to: Mon. Not. Roy. Astron. Soc.",
      year           = "2017",
      eprint         = "1712.06211",
      archivePrefix  = "arXiv",
      primaryClass   = "astro-ph.CO",
      reportNumber   = "FERMILAB-PUB-17-585",
      SLACcitation   = "%%CITATION = ARXIV:1712.06211;%%"
}

@article{Abazajian:2003jy,
      author         = "Abazajian, Kevork and others",
      title          = "{The First data release of the Sloan Digital Sky Survey}",
      collaboration  = "SDSS",
      journal        = "Astron. J.",
      volume         = "126",
      year           = "2003",
      pages          = "2081",
      doi            = "10.1086/378165",
      eprint         = "astro-ph/0305492",
      archivePrefix  = "arXiv",
      primaryClass   = "astro-ph",
      reportNumber   = "FERMILAB-PUB-03-176-A",
      SLACcitation   = "%%CITATION = ASTRO-PH/0305492;%%"
}

@ARTICLE{2010AJ....140.1868W,
   author = {{Wright}, E.~L. and {Eisenhardt}, P.~R.~M. and {Mainzer}, A.~K. and 
	{Ressler}, M.~E. and {Cutri}, R.~M. and {Jarrett}, T. and {Kirkpatrick}, J.~D. and 
	{Padgett}, D. and {McMillan}, R.~S. and {Skrutskie}, M. and 
	{Stanford}, S.~A. and {Cohen}, M. and {Walker}, R.~G. and {Mather}, J.~C. and 
	{Leisawitz}, D. and {Gautier}, III, T.~N. and {McLean}, I. and 
	{Benford}, D. and {Lonsdale}, C.~J. and {Blain}, A. and {Mendez}, B. and 
	{Irace}, W.~R. and {Duval}, V. and {Liu}, F. and {Royer}, D. and 
	{Heinrichsen}, I. and {Howard}, J. and {Shannon}, M. and {Kendall}, M. and 
	{Walsh}, A.~L. and {Larsen}, M. and {Cardon}, J.~G. and {Schick}, S. and 
	{Schwalm}, M. and {Abid}, M. and {Fabinsky}, B. and {Naes}, L. and 
	{Tsai}, C.-W.},
    title = "{The Wide-field Infrared Survey Explorer (WISE): Mission Description and Initial On-orbit Performance}",
  journal = {\aj},
archivePrefix = "arXiv",
   eprint = {1008.0031},
 primaryClass = "astro-ph.IM",
 keywords = {infrared: general, space vehicles, surveys},
     year = 2010,
    month = dec,
   volume = 140,
      eid = {1868-1881},
    pages = {1868-1881},
      doi = {10.1088/0004-6256/140/6/1868},
   adsurl = {http://adsabs.harvard.edu/abs/2010AJ....140.1868W},
  adsnote = {Provided by the SAO/NASA Astrophysics Data System}
}

@ARTICLE{2002AJ....124.1810S,
   author = {{Strauss}, M.~A. and {Weinberg}, D.~H. and {Lupton}, R.~H. and 
	{Narayanan}, V.~K. and {Annis}, J. and {Bernardi}, M. and {Blanton}, M. and 
	{Burles}, S. and {Connolly}, A.~J. and {Dalcanton}, J. and {Doi}, M. and 
	{Eisenstein}, D. and {Frieman}, J.~A. and {Fukugita}, M. and 
	{Gunn}, J.~E. and {Ivezi{\'c}}, {\v Z}. and {Kent}, S. and {Kim}, R.~S.~J. and 
	{Knapp}, G.~R. and {Kron}, R.~G. and {Munn}, J.~A. and {Newberg}, H.~J. and 
	{Nichol}, R.~C. and {Okamura}, S. and {Quinn}, T.~R. and {Richmond}, M.~W. and 
	{Schlegel}, D.~J. and {Shimasaku}, K. and {SubbaRao}, M. and 
	{Szalay}, A.~S. and {Vanden Berk}, D. and {Vogeley}, M.~S. and 
	{Yanny}, B. and {Yasuda}, N. and {York}, D.~G. and {Zehavi}, I.
	},
    title = "{Spectroscopic Target Selection in the Sloan Digital Sky Survey: The Main Galaxy Sample}",
  journal = {\aj},
   eprint = {astro-ph/0206225},
 keywords = {Galaxies: Distances and Redshifts, Galaxies: Photometry, Surveys},
     year = 2002,
    month = sep,
   volume = 124,
    pages = {1810-1824},
      doi = {10.1086/342343},
   adsurl = {http://adsabs.harvard.edu/abs/2002AJ....124.1810S},
  adsnote = {Provided by the SAO/NASA Astrophysics Data System}
}

@article{Smith:2017tzz,
      author         = "Smith, Alex and Cole, Shaun and Baugh, Carlton and Zheng,
                        Zheng and Angulo, Raul and Norberg, Peder and Zehavi,
                        Idit",
      title          = "{A Lightcone Catalogue from the Millennium-XXL
                        Simulation}",
      journal        = "Mon. Not. Roy. Astron. Soc.",
      volume         = "470",
      year           = "2017",
      number         = "4",
      pages          = "4646-4661",
      doi            = "10.1093/mnras/stx1432",
      eprint         = "1701.06581",
      archivePrefix  = "arXiv",
      primaryClass   = "astro-ph.CO",
      SLACcitation   = "%%CITATION = ARXIV:1701.06581;%%"
}

@ARTICLE{2015MNRAS.452.2087L,
   author = {{Liske}, J. and {Baldry}, I.~K. and {Driver}, S.~P. and {Tuffs}, R.~J. and 
	{Alpaslan}, M. and {Andrae}, E. and {Brough}, S. and {Cluver}, M.~E. and 
	{Grootes}, M.~W. and {Gunawardhana}, M.~L.~P. and {Kelvin}, L.~S. and 
	{Loveday}, J. and {Robotham}, A.~S.~G. and {Taylor}, E.~N. and 
	{Bamford}, S.~P. and {Bland-Hawthorn}, J. and {Brown}, M.~J.~I. and 
	{Drinkwater}, M.~J. and {Hopkins}, A.~M. and {Meyer}, M.~J. and 
	{Norberg}, P. and {Peacock}, J.~A. and {Agius}, N.~K. and {Andrews}, S.~K. and 
	{Bauer}, A.~E. and {Ching}, J.~H.~Y. and {Colless}, M. and {Conselice}, C.~J. and 
	{Croom}, S.~M. and {Davies}, L.~J.~M. and {De Propris}, R. and 
	{Dunne}, L. and {Eardley}, E.~M. and {Ellis}, S. and {Foster}, C. and 
	{Frenk}, C.~S. and {H{\"a}u{\ss}ler}, B. and {Holwerda}, B.~W. and 
	{Howlett}, C. and {Ibarra}, H. and {Jarvis}, M.~J. and {Jones}, D.~H. and 
	{Kafle}, P.~R. and {Lacey}, C.~G. and {Lange}, R. and {Lara-L{\'o}pez}, M.~A. and 
	{L{\'o}pez-S{\'a}nchez}, {\'A}.~R. and {Maddox}, S. and {Madore}, B.~F. and 
	{McNaught-Roberts}, T. and {Moffett}, A.~J. and {Nichol}, R.~C. and 
	{Owers}, M.~S. and {Palamara}, D. and {Penny}, S.~J. and {Phillipps}, S. and 
	{Pimbblet}, K.~A. and {Popescu}, C.~C. and {Prescott}, M. and 
	{Proctor}, R. and {Sadler}, E.~M. and {Sansom}, A.~E. and {Seibert}, M. and 
	{Sharp}, R. and {Sutherland}, W. and {V{\'a}zquez-Mata}, J.~A. and 
	{van Kampen}, E. and {Wilkins}, S.~M. and {Williams}, R. and 
	{Wright}, A.~H.},
    title = "{Galaxy And Mass Assembly (GAMA): end of survey report and data release 2}",
  journal = {\mnras},
archivePrefix = "arXiv",
   eprint = {1506.08222},
 keywords = {surveys, galaxies: distances and redshifts, galaxies: fundamental parameters, galaxies: general, galaxies: photometry, galaxies: statistics},
     year = 2015,
    month = sep,
   volume = 452,
    pages = {2087-2126},
      doi = {10.1093/mnras/stv1436},
   adsurl = {http://adsabs.harvard.edu/abs/2015MNRAS.452.2087L},
  adsnote = {Provided by the SAO/NASA Astrophysics Data System}
}

@ARTICLE{2013ApJS..208....5N,
   author = {{Newman}, J.~A. and {Cooper}, M.~C. and {Davis}, M. and {Faber}, S.~M. and 
	{Coil}, A.~L. and {Guhathakurta}, P. and {Koo}, D.~C. and {Phillips}, A.~C. and 
	{Conroy}, C. and {Dutton}, A.~A. and {Finkbeiner}, D.~P. and 
	{Gerke}, B.~F. and {Rosario}, D.~J. and {Weiner}, B.~J. and 
	{Willmer}, C.~N.~A. and {Yan}, R. and {Harker}, J.~J. and {Kassin}, S.~A. and 
	{Konidaris}, N.~P. and {Lai}, K. and {Madgwick}, D.~S. and {Noeske}, K.~G. and 
	{Wirth}, G.~D. and {Connolly}, A.~J. and {Kaiser}, N. and {Kirby}, E.~N. and 
	{Lemaux}, B.~C. and {Lin}, L. and {Lotz}, J.~M. and {Luppino}, G.~A. and 
	{Marinoni}, C. and {Matthews}, D.~J. and {Metevier}, A. and 
	{Schiavon}, R.~P.},
    title = "{The DEEP2 Galaxy Redshift Survey: Design, Observations, Data Reduction, and Redshifts}",
  journal = {\apjs},
archivePrefix = "arXiv",
   eprint = {1203.3192},
 keywords = {cosmology: observations, galaxies: distances and redshifts, galaxies: evolution, galaxies: fundamental parameters, galaxies: high-redshift, galaxies: statistics, large-scale structure of universe, methods: data analysis, surveys},
     year = 2013,
    month = sep,
   volume = 208,
      eid = {5},
    pages = {5},
      doi = {10.1088/0067-0049/208/1/5},
   adsurl = {http://adsabs.harvard.edu/abs/2013ApJS..208....5N},
  adsnote = {Provided by the SAO/NASA Astrophysics Data System}
}

@INPROCEEDINGS{2016AAS...22831701B,
   author = {{Blum}, R.~D. and {Burleigh}, K. and {Dey}, A. and {Schlegel}, D.~J. and 
	{Meisner}, A.~M. and {Levi}, M. and {Myers}, A.~D. and {Lang}, D. and 
	{Moustakas}, J. and {Patej}, A. and {Valdes}, F. and {Kneib}, J.-P. and 
	{Huanyuan}, S. and {Nord}, B. and {Olsen}, K.~A. and {Delubac}, T. and 
	{Saha}, A. and {James}, D. and {Walker}, A.~R. and {DECaLS Team}
	},
    title = "{The DECam Legacy Survey}",
booktitle = {American Astronomical Society Meeting Abstracts \#228},
     year = 2016,
   series = {American Astronomical Society Meeting Abstracts},
   volume = 228,
    month = jun,
      eid = {317.01},
    pages = {317.01},
   adsurl = {http://adsabs.harvard.edu/abs/2016AAS...22831701B},
  adsnote = {Provided by the SAO/NASA Astrophysics Data System}
}

@ARTICLE{1998ApJ...500..525S,
   author = {{Schlegel}, D.~J. and {Finkbeiner}, D.~P. and {Davis}, M.},
    title = "{Maps of Dust Infrared Emission for Use in Estimation of Reddening and Cosmic Microwave Background Radiation Foregrounds}",
  journal = {\apj},
   eprint = {astro-ph/9710327},
 keywords = {COSMOLOGY: DIFFUSE RADIATION, COSMOLOGY: COSMIC MICROWAVE BACKGROUND, ISM: DUST, EXTINCTION, INTERPLANETARY MEDIUM, INFRARED: ISM: CONTINUUM, Cosmology: Cosmic Microwave Background, Cosmology: Diffuse Radiation, ISM: Dust, Extinction, Infrared: ISM: Continuum, Interplanetary Medium},
     year = 1998,
    month = jun,
   volume = 500,
    pages = {525-553},
      doi = {10.1086/305772},
   adsurl = {http://adsabs.harvard.edu/abs/1998ApJ...500..525S},
  adsnote = {Provided by the SAO/NASA Astrophysics Data System}
}

@ARTICLE{2014AJ....147..108L,
   author = {{Lang}, D.},
    title = "{unWISE: Unblurred Coadds of the WISE Imaging}",
  journal = {\aj},
archivePrefix = "arXiv",
   eprint = {1405.0308},
 primaryClass = "astro-ph.IM",
 keywords = {methods: data analysis, surveys, techniques: image processing},
     year = 2014,
    month = may,
   volume = 147,
      eid = {108},
    pages = {108},
      doi = {10.1088/0004-6256/147/5/108},
   adsurl = {http://adsabs.harvard.edu/abs/2014AJ....147..108L},
  adsnote = {Provided by the SAO/NASA Astrophysics Data System}
}

@BOOK{1980lssu.book.....P,
   author = {{Peebles}, P.~J.~E.},
    title = "{The large-scale structure of the universe}",
 keywords = {Cosmology, Galactic Clusters, Galactic Evolution, Universe, Astronomical Models, Correlation, Mass Distribution, Particle Motion, Relativistic Theory, Statistical Distributions},
booktitle = {Research supported by the National Science Foundation.~Princeton, N.J., Princeton University Press, 1980.~435 p.},
     year = 1980,
   adsurl = {http://adsabs.harvard.edu/abs/1980lssu.book.....P},
  adsnote = {Provided by the SAO/NASA Astrophysics Data System}
}

@ARTICLE{2000A&A...355L..27H,
   author = {{H{\o}g}, E. and {Fabricius}, C. and {Makarov}, V.~V. and {Urban}, S. and 
	{Corbin}, T. and {Wycoff}, G. and {Bastian}, U. and {Schwekendiek}, P. and 
	{Wicenec}, A.},
    title = "{The Tycho-2 catalogue of the 2.5 million brightest stars}",
  journal = {\aap},
 keywords = {ASTROMETRY, STARS: FUNDAMENTAL PARAMETERS, CATALOGS},
     year = 2000,
    month = mar,
   volume = 355,
    pages = {L27-L30},
   adsurl = {http://adsabs.harvard.edu/abs/2000A%26A...355L..27H},
  adsnote = {Provided by the SAO/NASA Astrophysics Data System}
}

@ARTICLE{1953ApJ...117..313J,
   author = {{Johnson}, H.~L. and {Morgan}, W.~W.},
    title = "{Fundamental stellar photometry for standards of spectral type on the revised system of the Yerkes spectral atlas}",
  journal = {\apj},
     year = 1953,
    month = may,
   volume = 117,
    pages = {313},
      doi = {10.1086/145697},
   adsurl = {http://adsabs.harvard.edu/abs/1953ApJ...117..313J},
  adsnote = {Provided by the SAO/NASA Astrophysics Data System}
}

@ARTICLE{2017A&C....20...44F,
   author = {{Feng}, Y. and {Modi}, C.},
    title = "{A fast algorithm for identifying friends-of-friends halos}",
  journal = {Astronomy and Computing},
archivePrefix = "arXiv",
   eprint = {1607.03224},
 primaryClass = "astro-ph.IM",
 keywords = {Cosmology, Halo, Simulation, Algorithm, Feature identification},
     year = 2017,
    month = jul,
   volume = 20,
    pages = {44-51},
      doi = {10.1016/j.ascom.2017.05.004},
   adsurl = {http://adsabs.harvard.edu/abs/2017A%26C....20...44F},
  adsnote = {Provided by the SAO/NASA Astrophysics Data System}
}

@ARTICLE{1993ApJ...412...64L,
   author = {{Landy}, S.~D. and {Szalay}, A.~S.},
    title = "{Bias and variance of angular correlation functions}",
  journal = {\apj},
 keywords = {Angular Correlation, Bias, Computational Astrophysics, Galactic Clusters, Variance, Correlation Coefficients, Monte Carlo Method, Random Variables},
     year = 1993,
    month = jul,
   volume = 412,
    pages = {64-71},
      doi = {10.1086/172900},
   adsurl = {http://adsabs.harvard.edu/abs/1993ApJ...412...64L},
  adsnote = {Provided by the SAO/NASA Astrophysics Data System}
}

@ARTICLE{2012arXiv1210.1833A,
   author = {{Alonso}, D.},
    title = "{CUTE solutions for two-point correlation functions from large cosmological datasets}",
  journal = {ArXiv e-prints},
archivePrefix = "arXiv",
   eprint = {1210.1833},
 primaryClass = "astro-ph.IM",
 keywords = {Astrophysics - Instrumentation and Methods for Astrophysics},
     year = 2012,
    month = oct,
   adsurl = {http://adsabs.harvard.edu/abs/2012arXiv1210.1833A},
  adsnote = {Provided by the SAO/NASA Astrophysics Data System}
}

@article{Wang:2013noa,
      author         = "Wang, Y. and Brunner, R. J. and Dolence, J. C.",
      title          = "{The SDSS Galaxy Angular Two-Point Correlation Function}",
      journal        = "Mon. Not. Roy. Astron. Soc.",
      volume         = "432",
      year           = "2013",
      pages          = "1961",
      doi            = "10.1093/mnras/stt450",
      eprint         = "1303.2432",
      archivePrefix  = "arXiv",
      primaryClass   = "astro-ph.CO",
      SLACcitation   = "%%CITATION = ARXIV:1303.2432;%%"
}

@INPROCEEDINGS{2005ASPC..347...29T,
   author = {{Taylor}, M.~B.},
    title = "{TOPCAT {\&} STIL: Starlink Table/VOTable Processing Software}",
booktitle = {Astronomical Data Analysis Software and Systems XIV},
     year = 2005,
   series = {Astronomical Society of the Pacific Conference Series},
   volume = 347,
   editor = {{Shopbell}, P. and {Britton}, M. and {Ebert}, R.},
    month = dec,
    pages = {29},
   adsurl = {http://adsabs.harvard.edu/abs/2005ASPC..347...29T},
  adsnote = {Provided by the SAO/NASA Astrophysics Data System}
}

@ARTICLE{2010arXiv1012.3224H,
   author = {{Harris}, W.~E.},
    title = "{A New Catalog of Globular Clusters in the Milky Way}",
  journal = {ArXiv e-prints},
archivePrefix = "arXiv",
   eprint = {1012.3224},
 primaryClass = "astro-ph.GA",
 keywords = {Astrophysics - Galaxy Astrophysics},
     year = 2010,
    month = dec,
   adsurl = {http://adsabs.harvard.edu/abs/2010arXiv1012.3224H},
  adsnote = {Provided by the SAO/NASA Astrophysics Data System}
}

@article{Jarrett:2000me,
      author         = "Jarrett, T. H. and Chester, T. and Cutri, R. and
                        Schneider, S. and Skrutskie, M. and Huchra, J. P.",
      title          = "{2mass extended source catalog: overview and algorithms}",
      journal        = "Astron. J.",
      volume         = "119",
      year           = "2000",
      pages          = "2498-2531",
      doi            = "10.1086/301330",
      eprint         = "astro-ph/0004318",
      archivePrefix  = "arXiv",
      primaryClass   = "astro-ph",
      reportNumber   = "CL-99-1193",
      SLACcitation   = "%%CITATION = ASTRO-PH/0004318;%%"
}

@ARTICLE{2017yCat..35980068O,
   author = {{Overbeek}, J.~C. and {Friel}, E.~D. and {Donati}, P. and {Smiljanic}, R. and 
	{Jacobson}, H.~R. and {Hatzidimitriou}, D. and {Held}, E.~V. and 
	{Magrini}, L. and {Bragaglia}, A. and {Randich}, S. and {Vallenari}, A. and 
	{Cantat-Gaudin}, T. and {Tautvaisiene}, G. and {Jimenez-Esteban}, F. and 
	{Frasca}, A. and {Geisler}, D. and {Villanova}, S. and {Tang}, B. and 
	{Munoz}, C. and {Marconi}, G. and {Carraro}, G. and {San}, R.~I. and 
	{Drazdauskas}, A. and {Zenoviene}, R. and {Gilmore}, G. and 
	{Jeffries}, R.~D. and {Flaccomio}, E. and {Pancino}, E. and 
	{Bayo}, A. and {Costado}, M.~T. and {Damiani}, F. and {Jofre}, P. and 
	{Monaco}, L. and {Prisinzano}, L. and {Sousa}, S.~G. and {Zaggia}, S.
	},
    title = "{VizieR Online Data Catalog: Gaia-ESO Survey. Trumpler 23 (Overbeek+, 2017)}",
  journal = {VizieR Online Data Catalog},
 keywords = {Clusters: open, Abundances, Effective temperatures, Radial velocities},
     year = 2017,
    month = may,
   volume = 359,
   adsurl = {http://adsabs.harvard.edu/abs/2017yCat..35980068O},
  adsnote = {Provided by the SAO/NASA Astrophysics Data System}
}

@ARTICLE{2017PASP..129f4101Z,
   author = {{Zou}, H. and {Zhou}, X. and {Fan}, X. and {Zhang}, T. and {Zhou}, Z. and 
	{Nie}, J. and {Peng}, X. and {McGreer}, I. and {Jiang}, L. and 
	{Dey}, A. and {Fan}, D. and {He}, B. and {Jiang}, Z. and {Lang}, D. and 
	{Lesser}, M. and {Ma}, J. and {Mao}, S. and {Schlegel}, D. and 
	{Wang}, J.},
    title = "{Project Overview of the Beijing-Arizona Sky Survey}",
  journal = {\pasp},
archivePrefix = "arXiv",
   eprint = {1702.03653},
     year = 2017,
    month = jun,
   volume = 129,
   number = 6,
    pages = {064101},
      doi = {10.1088/1538-3873/aa65ba},
   adsurl = {http://adsabs.harvard.edu/abs/2017PASP..129f4101Z},
  adsnote = {Provided by the SAO/NASA Astrophysics Data System}
}

@INPROCEEDINGS{2016SPIE.9908E..2CD,
   author = {{Dey}, A. and {Rabinowitz}, D. and {Karcher}, A. and {Bebek}, C. and 
	{Baltay}, C. and {Sprayberry}, D. and {Valdes}, F. and {Stupak}, B. and 
	{Donaldson}, J. and {Emmet}, W. and {Hurteau}, T. and {Abareshi}, B. and 
	{Marshall}, B. and {Lang}, D. and {Fitzpatrick}, M. and {Daly}, P. and 
	{Joyce}, D. and {Schlegel}, D. and {Schweiker}, H. and {Allen}, L. and 
	{Blum}, B. and {Levi}, M.},
    title = "{Mosaic3: a red-sensitive upgrade for the prime focus camera at the Mayall 4m telescope}",
booktitle = {Ground-based and Airborne Instrumentation for Astronomy VI},
     year = 2016,
   series = {\procspie},
   volume = 9908,
    month = aug,
      eid = {99082C},
    pages = {99082C},
      doi = {10.1117/12.2231488},
   adsurl = {http://adsabs.harvard.edu/abs/2016SPIE.9908E..2CD},
  adsnote = {Provided by the SAO/NASA Astrophysics Data System}
}

@ARTICLE{2011ApJ...737..103S,
   author = {{Schlafly}, E.~F. and {Finkbeiner}, D.~P.},
    title = "{Measuring Reddening with Sloan Digital Sky Survey Stellar Spectra and Recalibrating SFD}",
  journal = {\apj},
archivePrefix = "arXiv",
   eprint = {1012.4804},
 primaryClass = "astro-ph.GA",
 keywords = {dust, extinction, Galaxy: stellar content, ISM: clouds},
     year = 2011,
    month = aug,
   volume = 737,
      eid = {103},
    pages = {103},
      doi = {10.1088/0004-637X/737/2/103},
   adsurl = {http://adsabs.harvard.edu/abs/2011ApJ...737..103S},
  adsnote = {Provided by the SAO/NASA Astrophysics Data System}
}

@ARTICLE{2014A&A...570A..13M,
   author = {{Makarov}, D. and {Prugniel}, P. and {Terekhova}, N. and {Courtois}, H. and 
	{Vauglin}, I.},
    title = "{HyperLEDA. III. The catalogue of extragalactic distances}",
  journal = {\aap},
 keywords = {astronomical databases: miscellaneous, catalogs, galaxies: distances, and redshifts},
     year = 2014,
    month = oct,
   volume = 570,
      eid = {A13},
    pages = {A13},
      doi = {10.1051/0004-6361/201423496},
   adsurl = {http://adsabs.harvard.edu/abs/2014A%26A...570A..13M},
  adsnote = {Provided by the SAO/NASA Astrophysics Data System}
}

@MISC{2016ascl.soft04008L,
   author = {{Lang}, D. and {Hogg}, D.~W. and {Mykytyn}, D.},
    title = "{The Tractor: Probabilistic astronomical source detection and measurement}",
 keywords = {Software},
howpublished = {Astrophysics Source Code Library},
     year = 2016,
    month = apr,
archivePrefix = "ascl",
   eprint = {1604.008},
   adsurl = {https://ui.adsabs.harvard.edu/abs/2016ascl.soft04008L},
  adsnote = {Provided by the SAO/NASA Astrophysics Data System}
}

@ARTICLE{2016A&A...595A...1G,
       author = {{Gaia Collaboration} and {Prusti}, T. and {de Bruijne}, J.~H.~J. and
         {Brown}, A.~G.~A. and {Vallenari}, A. and {Babusiaux}, C. and
         {Bailer-Jones}, C.~A.~L. and {Bastian}, U. and {Biermann}, M. and
         {Evans}, D.~W. and {Eyer}, L. and {Jansen}, F. and {Jordi}, C. and
         {Klioner}, S.~A. and {Lammers}, U. and {Lindegren}, L. and {Luri}, X. and
         {Mignard}, F. and {Milligan}, D.~J. and {Panem}, C. and
         {Poinsignon}, V. and {Pourbaix}, D. and {Randich}, S. and {Sarri}, G. and
         {Sartoretti}, P. and {Siddiqui}, H.~I. and {Soubiran}, C. and
         {Valette}, V. and {van Leeuwen}, F. and {Walton}, N.~A. and
         {Aerts}, C. and {Arenou}, F. and {Cropper}, M. and {Drimmel}, R. and
         {H{\o}g}, E. and {Katz}, D. and {Lattanzi}, M.~G. and {O'Mullane}, W. and
         {Grebel}, E.~K. and {Holland}, A.~D. and {Huc}, C. and {Passot}, X. and
         {Bramante}, L. and {Cacciari}, C. and {Casta{\~n}eda}, J. and
         {Chaoul}, L. and {Cheek}, N. and {De Angeli}, F. and {Fabricius}, C. and
         {Guerra}, R. and {Hern{\'a}ndez}, J. and {Jean-Antoine-Piccolo}, A. and
         {Masana}, E. and {Messineo}, R. and {Mowlavi}, N. and
         {Nienartowicz}, K. and {Ord{\'o}{\~n}ez-Blanco}, D. and {Panuzzo}, P. and
         {Portell}, J. and {Richards}, P.~J. and {Riello}, M. and
         {Seabroke}, G.~M. and {Tanga}, P. and {Th{\'e}venin}, F. and
         {Torra}, J. and {Els}, S.~G. and {Gracia-Abril}, G. and
         {Comoretto}, G. and {Garcia-Reinaldos}, M. and {Lock}, T. and
         {Mercier}, E. and {Altmann}, M. and {Andrae}, R. and
         {Astraatmadja}, T.~L. and {Bellas-Velidis}, I. and {Benson}, K. and
         {Berthier}, J. and {Blomme}, R. and {Busso}, G. and {Carry}, B. and
         {Cellino}, A. and {Clementini}, G. and {Cowell}, S. and {Creevey}, O. and
         {Cuypers}, J. and {Davidson}, M. and {De Ridder}, J. and
         {de Torres}, A. and {Delchambre}, L. and {Dell'Oro}, A. and
         {Ducourant}, C. and {Fr{\'e}mat}, Y. and {Garc{\'\i}a-Torres}, M. and
         {Gosset}, E. and {Halbwachs}, J. -L. and {Hambly}, N.~C. and
         {Harrison}, D.~L. and {Hauser}, M. and {Hestroffer}, D. and
         {Hodgkin}, S.~T. and {Huckle}, H.~E. and {Hutton}, A. and
         {Jasniewicz}, G. and {Jordan}, S. and {Kontizas}, M. and {Korn}, A.~J. and
         {Lanzafame}, A.~C. and {Manteiga}, M. and {Moitinho}, A. and
         {Muinonen}, K. and {Osinde}, J. and {Pancino}, E. and {Pauwels}, T. and
         {Petit}, J. -M. and {Recio-Blanco}, A. and {Robin}, A.~C. and
         {Sarro}, L.~M. and {Siopis}, C. and {Smith}, M. and {Smith}, K.~W. and
         {Sozzetti}, A. and {Thuillot}, W. and {van Reeven}, W. and {Viala}, Y. and
         {Abbas}, U. and {Abreu Aramburu}, A. and {Accart}, S. and
         {Aguado}, J.~J. and {Allan}, P.~M. and {Allasia}, W. and
         {Altavilla}, G. and {{\'A}lvarez}, M.~A. and {Alves}, J. and
         {Anderson}, R.~I. and {Andrei}, A.~H. and {Anglada Varela}, E. and
         {Antiche}, E. and {Antoja}, T. and {Ant{\'o}n}, S. and {Arcay}, B. and
         {Atzei}, A. and {Ayache}, L. and {Bach}, N. and {Baker}, S.~G. and
         {Balaguer-N{\'u}{\~n}ez}, L. and {Barache}, C. and {Barata}, C. and
         {Barbier}, A. and {Barblan}, F. and {Baroni}, M. and
         {Barrado y Navascu{\'e}s}, D. and {Barros}, M. and {Barstow}, M.~A. and
         {Becciani}, U. and {Bellazzini}, M. and {Bellei}, G. and
         {Bello Garc{\'\i}a}, A. and {Belokurov}, V. and {Bendjoya}, P. and
         {Berihuete}, A. and {Bianchi}, L. and {Bienaym{\'e}}, O. and
         {Billebaud}, F. and {Blagorodnova}, N. and {Blanco-Cuaresma}, S. and
         {Boch}, T. and {Bombrun}, A. and {Borrachero}, R. and {Bouquillon}, S. and
         {Bourda}, G. and {Bouy}, H. and {Bragaglia}, A. and {Breddels}, M.~A. and
         {Brouillet}, N. and {Br{\"u}semeister}, T. and {Bucciarelli}, B. and
         {Budnik}, F. and {Burgess}, P. and {Burgon}, R. and {Burlacu}, A. and
         {Busonero}, D. and {Buzzi}, R. and {Caffau}, E. and {Cambras}, J. and
         {Campbell}, H. and {Cancelliere}, R. and {Cantat-Gaudin}, T. and
         {Carlucci}, T. and {Carrasco}, J.~M. and {Castellani}, M. and
         {Charlot}, P. and {Charnas}, J. and {Charvet}, P. and {Chassat}, F. and
         {Chiavassa}, A. and {Clotet}, M. and {Cocozza}, G. and
         {Collins}, R.~S. and {Collins}, P. and {Costigan}, G. and {Crifo}, F. and
         {Cross}, N.~J.~G. and {Crosta}, M. and {Crowley}, C. and {Dafonte}, C. and
         {Damerdji}, Y. and {Dapergolas}, A. and {David}, P. and {David}, M. and
         {De Cat}, P. and {de Felice}, F. and {de Laverny}, P. and
         {De Luise}, F. and {De March}, R. and {de Martino}, D. and
         {de Souza}, R. and {Debosscher}, J. and {del Pozo}, E. and {Delbo}, M. and
         {Delgado}, A. and {Delgado}, H.~E. and {di Marco}, F. and
         {Di Matteo}, P. and {Diakite}, S. and {Distefano}, E. and
         {Dolding}, C. and {Dos Anjos}, S. and {Drazinos}, P. and
         {Dur{\'a}n}, J. and {Dzigan}, Y. and {Ecale}, E. and {Edvardsson}, B. and
         {Enke}, H. and {Erdmann}, M. and {Escolar}, D. and {Espina}, M. and
         {Evans}, N.~W. and {Eynard Bontemps}, G. and {Fabre}, C. and
         {Fabrizio}, M. and {Faigler}, S. and {Falc{\~a}o}, A.~J. and
         {Farr{\`a}s Casas}, M. and {Faye}, F. and {Federici}, L. and
         {Fedorets}, G. and {Fern{\'a}ndez-Hern{\'a}ndez}, J. and
         {Fernique}, P. and {Fienga}, A. and {Figueras}, F. and {Filippi}, F. and
         {Findeisen}, K. and {Fonti}, A. and {Fouesneau}, M. and {Fraile}, E. and
         {Fraser}, M. and {Fuchs}, J. and {Furnell}, R. and {Gai}, M. and
         {Galleti}, S. and {Galluccio}, L. and {Garabato}, D. and
         {Garc{\'\i}a-Sedano}, F. and {Gar{\'e}}, P. and {Garofalo}, A. and
         {Garralda}, N. and {Gavras}, P. and {Gerssen}, J. and {Geyer}, R. and
         {Gilmore}, G. and {Girona}, S. and {Giuffrida}, G. and {Gomes}, M. and
         {Gonz{\'a}lez-Marcos}, A. and {Gonz{\'a}lez-N{\'u}{\~n}ez}, J. and
         {Gonz{\'a}lez-Vidal}, J.~J. and {Granvik}, M. and {Guerrier}, A. and
         {Guillout}, P. and {Guiraud}, J. and {G{\'u}rpide}, A. and
         {Guti{\'e}rrez-S{\'a}nchez}, R. and {Guy}, L.~P. and {Haigron}, R. and
         {Hatzidimitriou}, D. and {Haywood}, M. and {Heiter}, U. and
         {Helmi}, A. and {Hobbs}, D. and {Hofmann}, W. and {Holl}, B. and {Holland
        }, G. and {Hunt}, J.~A.~S. and {Hypki}, A. and {Icardi}, V. and
         {Irwin}, M. and {Jevardat de Fombelle}, G. and {Jofr{\'e}}, P. and
         {Jonker}, P.~G. and {Jorissen}, A. and {Julbe}, F. and
         {Karampelas}, A. and {Kochoska}, A. and {Kohley}, R. and
         {Kolenberg}, K. and {Kontizas}, E. and {Koposov}, S.~E. and
         {Kordopatis}, G. and {Koubsky}, P. and {Kowalczyk}, A. and
         {Krone-Martins}, A. and {Kudryashova}, M. and {Kull}, I. and
         {Bachchan}, R.~K. and {Lacoste-Seris}, F. and {Lanza}, A.~F. and
         {Lavigne}, J. -B. and {Le Poncin-Lafitte}, C. and {Lebreton}, Y. and
         {Lebzelter}, T. and {Leccia}, S. and {Leclerc}, N. and
         {Lecoeur-Taibi}, I. and {Lemaitre}, V. and {Lenhardt}, H. and
         {Leroux}, F. and {Liao}, S. and {Licata}, E. and
         {Lindstr{\o}m}, H.~E.~P. and {Lister}, T.~A. and {Livanou}, E. and
         {Lobel}, A. and {L{\"o}ffler}, W. and {L{\'o}pez}, M. and
         {Lopez-Lozano}, A. and {Lorenz}, D. and {Loureiro}, T. and
         {MacDonald}, I. and {Magalh{\~a}es Fernandes}, T. and {Managau}, S. and
         {Mann}, R.~G. and {Mantelet}, G. and {Marchal}, O. and
         {Marchant}, J.~M. and {Marconi}, M. and {Marie}, J. and {Marinoni}, S. and
         {Marrese}, P.~M. and {Marschalk{\'o}}, G. and {Marshall}, D.~J. and
         {Mart{\'\i}n-Fleitas}, J.~M. and {Martino}, M. and {Mary}, N. and
         {Matijevi{\v{c}}}, G. and {Mazeh}, T. and {McMillan}, P.~J. and
         {Messina}, S. and {Mestre}, A. and {Michalik}, D. and {Millar}, N.~R. and
         {Miranda}, B.~M.~H. and {Molina}, D. and {Molinaro}, R. and
         {Molinaro}, M. and {Moln{\'a}r}, L. and {Moniez}, M. and
         {Montegriffo}, P. and {Monteiro}, D. and {Mor}, R. and {Mora}, A. and
         {Morbidelli}, R. and {Morel}, T. and {Morgenthaler}, S. and
         {Morley}, T. and {Morris}, D. and {Mulone}, A.~F. and {Muraveva}, T. and
         {Musella}, I. and {Narbonne}, J. and {Nelemans}, G. and {Nicastro}, L. and
         {Noval}, L. and {Ord{\'e}novic}, C. and {Ordieres-Mer{\'e}}, J. and
         {Osborne}, P. and {Pagani}, C. and {Pagano}, I. and {Pailler}, F. and
         {Palacin}, H. and {Palaversa}, L. and {Parsons}, P. and {Paulsen}, T. and
         {Pecoraro}, M. and {Pedrosa}, R. and {Pentik{\"a}inen}, H. and
         {Pereira}, J. and {Pichon}, B. and {Piersimoni}, A.~M. and
         {Pineau}, F. -X. and {Plachy}, E. and {Plum}, G. and {Poujoulet}, E. and
         {Pr{\v{s}}a}, A. and {Pulone}, L. and {Ragaini}, S. and {Rago}, S. and
         {Rambaux}, N. and {Ramos-Lerate}, M. and {Ranalli}, P. and {Rauw}, G. and
         {Read}, A. and {Regibo}, S. and {Renk}, F. and {Reyl{\'e}}, C. and
         {Ribeiro}, R.~A. and {Rimoldini}, L. and {Ripepi}, V. and {Riva}, A. and
         {Rixon}, G. and {Roelens}, M. and {Romero-G{\'o}mez}, M. and
         {Rowell}, N. and {Royer}, F. and {Rudolph}, A. and {Ruiz-Dern}, L. and
         {Sadowski}, G. and {Sagrist{\`a} Sell{\'e}s}, T. and {Sahlmann}, J. and
         {Salgado}, J. and {Salguero}, E. and {Sarasso}, M. and {Savietto}, H. and
         {Schnorhk}, A. and {Schultheis}, M. and {Sciacca}, E. and {Segol}, M. and
         {Segovia}, J.~C. and {Segransan}, D. and {Serpell}, E. and
         {Shih}, I. -C. and {Smareglia}, R. and {Smart}, R.~L. and {Smith}, C. and
         {Solano}, E. and {Solitro}, F. and {Sordo}, R. and {Soria Nieto}, S. and
         {Souchay}, J. and {Spagna}, A. and {Spoto}, F. and {Stampa}, U. and
         {Steele}, I.~A. and {Steidelm{\"u}ller}, H. and {Stephenson}, C.~A. and
         {Stoev}, H. and {Suess}, F.~F. and {S{\"u}veges}, M. and {Surdej}, J. and
         {Szabados}, L. and {Szegedi-Elek}, E. and {Tapiador}, D. and
         {Taris}, F. and {Tauran}, G. and {Taylor}, M.~B. and {Teixeira}, R. and
         {Terrett}, D. and {Tingley}, B. and {Trager}, S.~C. and {Turon}, C. and
         {Ulla}, A. and {Utrilla}, E. and {Valentini}, G. and {van Elteren}, A. and
         {Van Hemelryck}, E. and {van Leeuwen}, M. and {Varadi}, M. and
         {Vecchiato}, A. and {Veljanoski}, J. and {Via}, T. and {Vicente}, D. and
         {Vogt}, S. and {Voss}, H. and {Votruba}, V. and {Voutsinas}, S. and
         {Walmsley}, G. and {Weiler}, M. and {Weingrill}, K. and {Werner}, D. and
         {Wevers}, T. and {Whitehead}, G. and {Wyrzykowski}, {\L}. and
         {Yoldas}, A. and {{\v{Z}}erjal}, M. and {Zucker}, S. and {Zurbach}, C. and
         {Zwitter}, T. and {Alecu}, A. and {Allen}, M. and {Allende Prieto}, C. and
         {Amorim}, A. and {Anglada-Escud{\'e}}, G. and {Arsenijevic}, V. and
         {Azaz}, S. and {Balm}, P. and {Beck}, M. and {Bernstein}, H. -H. and
         {Bigot}, L. and {Bijaoui}, A. and {Blasco}, C. and {Bonfigli}, M. and
         {Bono}, G. and {Boudreault}, S. and {Bressan}, A. and {Brown}, S. and
         {Brunet}, P. -M. and {Bunclark}, P. and {Buonanno}, R. and
         {Butkevich}, A.~G. and {Carret}, C. and {Carrion}, C. and {Chemin}, L. and
         {Ch{\'e}reau}, F. and {Corcione}, L. and {Darmigny}, E. and
         {de Boer}, K.~S. and {de Teodoro}, P. and {de Zeeuw}, P.~T. and
         {Delle Luche}, C. and {Domingues}, C.~D. and {Dubath}, P. and
         {Fodor}, F. and {Fr{\'e}zouls}, B. and {Fries}, A. and {Fustes}, D. and
         {Fyfe}, D. and {Gallardo}, E. and {Gallegos}, J. and {Gardiol}, D. and
         {Gebran}, M. and {Gomboc}, A. and {G{\'o}mez}, A. and {Grux}, E. and
         {Gueguen}, A. and {Heyrovsky}, A. and {Hoar}, J. and {Iannicola}, G. and
         {Isasi Parache}, Y. and {Janotto}, A. -M. and {Joliet}, E. and
         {Jonckheere}, A. and {Keil}, R. and {Kim}, D. -W. and {Klagyivik}, P. and
         {Klar}, J. and {Knude}, J. and {Kochukhov}, O. and {Kolka}, I. and
         {Kos}, J. and {Kutka}, A. and {Lainey}, V. and {LeBouquin}, D. and
         {Liu}, C. and {Loreggia}, D. and {Makarov}, V.~V. and
         {Marseille}, M.~G. and {Martayan}, C. and {Martinez-Rubi}, O. and
         {Massart}, B. and {Meynadier}, F. and {Mignot}, S. and {Munari}, U. and
         {Nguyen}, A. -T. and {Nordlander}, T. and {Ocvirk}, P. and
         {O'Flaherty}, K.~S. and {Olias Sanz}, A. and {Ortiz}, P. and
         {Osorio}, J. and {Oszkiewicz}, D. and {Ouzounis}, A. and {Palmer}, M. and
         {Park}, P. and {Pasquato}, E. and {Peltzer}, C. and {Peralta}, J. and
         {P{\'e}turaud}, F. and {Pieniluoma}, T. and {Pigozzi}, E. and
         {Poels}, J. and {Prat}, G. and {Prod'homme}, T. and {Raison}, F. and
         {Rebordao}, J.~M. and {Risquez}, D. and {Rocca-Volmerange}, B. and
         {Rosen}, S. and {Ruiz-Fuertes}, M.~I. and {Russo}, F. and {Sembay}, S. and
         {Serraller Vizcaino}, I. and {Short}, A. and {Siebert}, A. and
         {Silva}, H. and {Sinachopoulos}, D. and {Slezak}, E. and {Soffel}, M. and
         {Sosnowska}, D. and {Strai{\v{z}}ys}, V. and {ter Linden}, M. and
         {Terrell}, D. and {Theil}, S. and {Tiede}, C. and {Troisi}, L. and
         {Tsalmantza}, P. and {Tur}, D. and {Vaccari}, M. and {Vachier}, F. and
         {Valles}, P. and {Van Hamme}, W. and {Veltz}, L. and {Virtanen}, J. and
         {Wallut}, J. -M. and {Wichmann}, R. and {Wilkinson}, M.~I. and
         {Ziaeepour}, H. and {Zschocke}, S.},
        title = "{The Gaia mission}",
      journal = {Astronomy and Astrophysics},
     keywords = {space vehicles: instruments, Galaxy: structure, astrometry, parallaxes, proper motions, telescopes, Astrophysics - Instrumentation and Methods for Astrophysics},
         year = "2016",
        month = "Nov",
       volume = {595},
          eid = {A1},
        pages = {A1},
          doi = {10.1051/0004-6361/201629272},
archivePrefix = {arXiv},
       eprint = {1609.04153},
 primaryClass = {astro-ph.IM},
       adsurl = {https://ui.adsabs.harvard.edu/abs/2016A&A...595A...1G},
      adsnote = {Provided by the SAO/NASA Astrophysics Data System}
}

@ARTICLE{2016A&A...595A...2G,
       author = {{Gaia Collaboration} and {Brown}, A.~G.~A. and {Vallenari}, A. and
         {Prusti}, T. and {de Bruijne}, J.~H.~J. and {Mignard}, F. and
         {Drimmel}, R. and {Babusiaux}, C. and {Bailer-Jones}, C.~A.~L. and
         {Bastian}, U. and {Biermann}, M. and {Evans}, D.~W. and {Eyer}, L. and
         {Jansen}, F. and {Jordi}, C. and {Katz}, D. and {Klioner}, S.~A. and
         {Lammers}, U. and {Lindegren}, L. and {Luri}, X. and {O'Mullane}, W. and
         {Panem}, C. and {Pourbaix}, D. and {Randich}, S. and {Sartoretti}, P. and
         {Siddiqui}, H.~I. and {Soubiran}, C. and {Valette}, V. and
         {van Leeuwen}, F. and {Walton}, N.~A. and {Aerts}, C. and {Arenou}, F. and
         {Cropper}, M. and {H{\o}g}, E. and {Lattanzi}, M.~G. and
         {Grebel}, E.~K. and {Holland}, A.~D. and {Huc}, C. and {Passot}, X. and
         {Perryman}, M. and {Bramante}, L. and {Cacciari}, C. and
         {Casta{\~n}eda}, J. and {Chaoul}, L. and {Cheek}, N. and
         {De Angeli}, F. and {Fabricius}, C. and {Guerra}, R. and
         {Hern{\'a}ndez}, J. and {Jean-Antoine-Piccolo}, A. and {Masana}, E. and
         {Messineo}, R. and {Mowlavi}, N. and {Nienartowicz}, K. and
         {Ord{\'o}{\~n}ez-Blanco}, D. and {Panuzzo}, P. and {Portell}, J. and
         {Richards}, P.~J. and {Riello}, M. and {Seabroke}, G.~M. and
         {Tanga}, P. and {Th{\'e}venin}, F. and {Torra}, J. and {Els}, S.~G. and
         {Gracia-Abril}, G. and {Comoretto}, G. and {Garcia-Reinaldos}, M. and
         {Lock}, T. and {Mercier}, E. and {Altmann}, M. and {Andrae}, R. and
         {Astraatmadja}, T.~L. and {Bellas-Velidis}, I. and {Benson}, K. and
         {Berthier}, J. and {Blomme}, R. and {Busso}, G. and {Carry}, B. and
         {Cellino}, A. and {Clementini}, G. and {Cowell}, S. and {Creevey}, O. and
         {Cuypers}, J. and {Davidson}, M. and {De Ridder}, J. and
         {de Torres}, A. and {Delchambre}, L. and {Dell'Oro}, A. and
         {Ducourant}, C. and {Fr{\'e}mat}, Y. and {Garc{\'\i}a-Torres}, M. and
         {Gosset}, E. and {Halbwachs}, J. -L. and {Hambly}, N.~C. and
         {Harrison}, D.~L. and {Hauser}, M. and {Hestroffer}, D. and
         {Hodgkin}, S.~T. and {Huckle}, H.~E. and {Hutton}, A. and
         {Jasniewicz}, G. and {Jordan}, S. and {Kontizas}, M. and {Korn}, A.~J. and
         {Lanzafame}, A.~C. and {Manteiga}, M. and {Moitinho}, A. and
         {Muinonen}, K. and {Osinde}, J. and {Pancino}, E. and {Pauwels}, T. and
         {Petit}, J. -M. and {Recio-Blanco}, A. and {Robin}, A.~C. and
         {Sarro}, L.~M. and {Siopis}, C. and {Smith}, M. and {Smith}, K.~W. and
         {Sozzetti}, A. and {Thuillot}, W. and {van Reeven}, W. and {Viala}, Y. and
         {Abbas}, U. and {Abreu Aramburu}, A. and {Accart}, S. and
         {Aguado}, J.~J. and {Allan}, P.~M. and {Allasia}, W. and
         {Altavilla}, G. and {{\'A}lvarez}, M.~A. and {Alves}, J. and
         {Anderson}, R.~I. and {Andrei}, A.~H. and {Anglada Varela}, E. and
         {Antiche}, E. and {Antoja}, T. and {Ant{\'o}n}, S. and {Arcay}, B. and
         {Bach}, N. and {Baker}, S.~G. and {Balaguer-N{\'u}{\~n}ez}, L. and
         {Barache}, C. and {Barata}, C. and {Barbier}, A. and {Barblan}, F. and
         {Barrado y Navascu{\'e}s}, D. and {Barros}, M. and {Barstow}, M.~A. and
         {Becciani}, U. and {Bellazzini}, M. and {Bello Garc{\'\i}a}, A. and
         {Belokurov}, V. and {Bendjoya}, P. and {Berihuete}, A. and
         {Bianchi}, L. and {Bienaym{\'e}}, O. and {Billebaud}, F. and
         {Blagorodnova}, N. and {Blanco-Cuaresma}, S. and {Boch}, T. and
         {Bombrun}, A. and {Borrachero}, R. and {Bouquillon}, S. and
         {Bourda}, G. and {Bouy}, H. and {Bragaglia}, A. and {Breddels}, M.~A. and
         {Brouillet}, N. and {Br{\"u}semeister}, T. and {Bucciarelli}, B. and
         {Burgess}, P. and {Burgon}, R. and {Burlacu}, A. and {Busonero}, D. and
         {Buzzi}, R. and {Caffau}, E. and {Cambras}, J. and {Campbell}, H. and
         {Cancelliere}, R. and {Cantat-Gaudin}, T. and {Carlucci}, T. and
         {Carrasco}, J.~M. and {Castellani}, M. and {Charlot}, P. and
         {Charnas}, J. and {Chiavassa}, A. and {Clotet}, M. and {Cocozza}, G. and
         {Collins}, R.~S. and {Costigan}, G. and {Crifo}, F. and
         {Cross}, N.~J.~G. and {Crosta}, M. and {Crowley}, C. and {Dafonte}, C. and
         {Damerdji}, Y. and {Dapergolas}, A. and {David}, P. and {David}, M. and
         {De Cat}, P. and {de Felice}, F. and {de Laverny}, P. and
         {De Luise}, F. and {De March}, R. and {de Martino}, D. and
         {de Souza}, R. and {Debosscher}, J. and {del Pozo}, E. and {Delbo}, M. and
         {Delgado}, A. and {Delgado}, H.~E. and {Di Matteo}, P. and
         {Diakite}, S. and {Distefano}, E. and {Dolding}, C. and
         {Dos Anjos}, S. and {Drazinos}, P. and {Duran}, J. and {Dzigan}, Y. and
         {Edvardsson}, B. and {Enke}, H. and {Evans}, N.~W. and
         {Eynard Bontemps}, G. and {Fabre}, C. and {Fabrizio}, M. and
         {Faigler}, S. and {Falc{\~a}o}, A.~J. and {Farr{\`a}s Casas}, M. and
         {Federici}, L. and {Fedorets}, G. and
         {Fern{\'a}ndez-Hern{\'a}ndez}, J. and {Fernique}, P. and {Fienga}, A. and
         {Figueras}, F. and {Filippi}, F. and {Findeisen}, K. and {Fonti}, A. and
         {Fouesneau}, M. and {Fraile}, E. and {Fraser}, M. and {Fuchs}, J. and
         {Gai}, M. and {Galleti}, S. and {Galluccio}, L. and {Garabato}, D. and
         {Garc{\'\i}a-Sedano}, F. and {Garofalo}, A. and {Garralda}, N. and
         {Gavras}, P. and {Gerssen}, J. and {Geyer}, R. and {Gilmore}, G. and
         {Girona}, S. and {Giuffrida}, G. and {Gomes}, M. and
         {Gonz{\'a}lez-Marcos}, A. and {Gonz{\'a}lez-N{\'u}{\~n}ez}, J. and
         {Gonz{\'a}lez-Vidal}, J.~J. and {Granvik}, M. and {Guerrier}, A. and
         {Guillout}, P. and {Guiraud}, J. and {G{\'u}rpide}, A. and
         {Guti{\'e}rrez-S{\'a}nchez}, R. and {Guy}, L.~P. and {Haigron}, R. and
         {Hatzidimitriou}, D. and {Haywood}, M. and {Heiter}, U. and
         {Helmi}, A. and {Hobbs}, D. and {Hofmann}, W. and {Holl}, B. and {Holland
        }, G. and {Hunt}, J.~A.~S. and {Hypki}, A. and {Icardi}, V. and
         {Irwin}, M. and {Jevardat de Fombelle}, G. and {Jofr{\'e}}, P. and
         {Jonker}, P.~G. and {Jorissen}, A. and {Julbe}, F. and
         {Karampelas}, A. and {Kochoska}, A. and {Kohley}, R. and
         {Kolenberg}, K. and {Kontizas}, E. and {Koposov}, S.~E. and
         {Kordopatis}, G. and {Koubsky}, P. and {Krone-Martins}, A. and
         {Kudryashova}, M. and {Kull}, I. and {Bachchan}, R.~K. and
         {Lacoste-Seris}, F. and {Lanza}, A.~F. and {Lavigne}, J. -B. and
         {Le Poncin-Lafitte}, C. and {Lebreton}, Y. and {Lebzelter}, T. and
         {Leccia}, S. and {Leclerc}, N. and {Lecoeur-Taibi}, I. and
         {Lemaitre}, V. and {Lenhardt}, H. and {Leroux}, F. and {Liao}, S. and
         {Licata}, E. and {Lindstr{\o}m}, H.~E.~P. and {Lister}, T.~A. and
         {Livanou}, E. and {Lobel}, A. and {L{\"o}ffler}, W. and
         {L{\'o}pez}, M. and {Lorenz}, D. and {MacDonald}, I. and
         {Magalh{\~a}es Fernandes}, T. and {Managau}, S. and {Mann}, R.~G. and
         {Mantelet}, G. and {Marchal}, O. and {Marchant}, J.~M. and
         {Marconi}, M. and {Marinoni}, S. and {Marrese}, P.~M. and
         {Marschalk{\'o}}, G. and {Marshall}, D.~J. and
         {Mart{\'\i}n-Fleitas}, J.~M. and {Martino}, M. and {Mary}, N. and
         {Matijevi{\v{c}}}, G. and {Mazeh}, T. and {McMillan}, P.~J. and
         {Messina}, S. and {Michalik}, D. and {Millar}, N.~R. and {Mirand
        a}, B.~M.~H. and {Molina}, D. and {Molinaro}, R. and {Molinaro}, M. and
         {Moln{\'a}r}, L. and {Moniez}, M. and {Montegriffo}, P. and {Mor}, R. and
         {Mora}, A. and {Morbidelli}, R. and {Morel}, T. and {Morgenthaler}, S. and
         {Morris}, D. and {Mulone}, A.~F. and {Muraveva}, T. and {Musella}, I. and
         {Narbonne}, J. and {Nelemans}, G. and {Nicastro}, L. and {Noval}, L. and
         {Ord{\'e}novic}, C. and {Ordieres-Mer{\'e}}, J. and {Osborne}, P. and
         {Pagani}, C. and {Pagano}, I. and {Pailler}, F. and {Palacin}, H. and
         {Palaversa}, L. and {Parsons}, P. and {Pecoraro}, M. and {Pedrosa}, R. and
         {Pentik{\"a}inen}, H. and {Pichon}, B. and {Piersimoni}, A.~M. and
         {Pineau}, F. -X. and {Plachy}, E. and {Plum}, G. and {Poujoulet}, E. and
         {Pr{\v{s}}a}, A. and {Pulone}, L. and {Ragaini}, S. and {Rago}, S. and
         {Rambaux}, N. and {Ramos-Lerate}, M. and {Ranalli}, P. and {Rauw}, G. and
         {Read}, A. and {Regibo}, S. and {Reyl{\'e}}, C. and {Ribeiro}, R.~A. and
         {Rimoldini}, L. and {Ripepi}, V. and {Riva}, A. and {Rixon}, G. and
         {Roelens}, M. and {Romero-G{\'o}mez}, M. and {Rowell}, N. and
         {Royer}, F. and {Ruiz-Dern}, L. and {Sadowski}, G. and
         {Sagrist{\`a} Sell{\'e}s}, T. and {Sahlmann}, J. and {Salgado}, J. and
         {Salguero}, E. and {Sarasso}, M. and {Savietto}, H. and
         {Schultheis}, M. and {Sciacca}, E. and {Segol}, M. and
         {Segovia}, J.~C. and {Segransan}, D. and {Shih}, I. -C. and
         {Smareglia}, R. and {Smart}, R.~L. and {Solano}, E. and {Solitro}, F. and
         {Sordo}, R. and {Soria Nieto}, S. and {Souchay}, J. and {Spagna}, A. and
         {Spoto}, F. and {Stampa}, U. and {Steele}, I.~A. and
         {Steidelm{\"u}ller}, H. and {Stephenson}, C.~A. and {Stoev}, H. and
         {Suess}, F.~F. and {S{\"u}veges}, M. and {Surdej}, J. and
         {Szabados}, L. and {Szegedi-Elek}, E. and {Tapiador}, D. and
         {Taris}, F. and {Tauran}, G. and {Taylor}, M.~B. and {Teixeira}, R. and
         {Terrett}, D. and {Tingley}, B. and {Trager}, S.~C. and {Turon}, C. and
         {Ulla}, A. and {Utrilla}, E. and {Valentini}, G. and {van Elteren}, A. and
         {Van Hemelryck}, E. and {van Leeuwen}, M. and {Varadi}, M. and
         {Vecchiato}, A. and {Veljanoski}, J. and {Via}, T. and {Vicente}, D. and
         {Vogt}, S. and {Voss}, H. and {Votruba}, V. and {Voutsinas}, S. and
         {Walmsley}, G. and {Weiler}, M. and {Weingrill}, K. and {Wevers}, T. and
         {Wyrzykowski}, {\L}. and {Yoldas}, A. and {{\v{Z}}erjal}, M. and
         {Zucker}, S. and {Zurbach}, C. and {Zwitter}, T. and {Alecu}, A. and
         {Allen}, M. and {Allende Prieto}, C. and {Amorim}, A. and
         {Anglada-Escud{\'e}}, G. and {Arsenijevic}, V. and {Azaz}, S. and
         {Balm}, P. and {Beck}, M. and {Bernstein}, H. -H. and {Bigot}, L. and
         {Bijaoui}, A. and {Blasco}, C. and {Bonfigli}, M. and {Bono}, G. and
         {Boudreault}, S. and {Bressan}, A. and {Brown}, S. and
         {Brunet}, P. -M. and {Bunclark}, P. and {Buonanno}, R. and
         {Butkevich}, A.~G. and {Carret}, C. and {Carrion}, C. and {Chemin}, L. and
         {Ch{\'e}reau}, F. and {Corcione}, L. and {Darmigny}, E. and
         {de Boer}, K.~S. and {de Teodoro}, P. and {de Zeeuw}, P.~T. and
         {Delle Luche}, C. and {Domingues}, C.~D. and {Dubath}, P. and
         {Fodor}, F. and {Fr{\'e}zouls}, B. and {Fries}, A. and {Fustes}, D. and
         {Fyfe}, D. and {Gallardo}, E. and {Gallegos}, J. and {Gardiol}, D. and
         {Gebran}, M. and {Gomboc}, A. and {G{\'o}mez}, A. and {Grux}, E. and
         {Gueguen}, A. and {Heyrovsky}, A. and {Hoar}, J. and {Iannicola}, G. and
         {Isasi Parache}, Y. and {Janotto}, A. -M. and {Joliet}, E. and
         {Jonckheere}, A. and {Keil}, R. and {Kim}, D. -W. and {Klagyivik}, P. and
         {Klar}, J. and {Knude}, J. and {Kochukhov}, O. and {Kolka}, I. and
         {Kos}, J. and {Kutka}, A. and {Lainey}, V. and {LeBouquin}, D. and
         {Liu}, C. and {Loreggia}, D. and {Makarov}, V.~V. and
         {Marseille}, M.~G. and {Martayan}, C. and {Martinez-Rubi}, O. and
         {Massart}, B. and {Meynadier}, F. and {Mignot}, S. and {Munari}, U. and
         {Nguyen}, A. -T. and {Nordlander}, T. and {Ocvirk}, P. and
         {O'Flaherty}, K.~S. and {Olias Sanz}, A. and {Ortiz}, P. and
         {Osorio}, J. and {Oszkiewicz}, D. and {Ouzounis}, A. and {Palmer}, M. and
         {Park}, P. and {Pasquato}, E. and {Peltzer}, C. and {Peralta}, J. and
         {P{\'e}turaud}, F. and {Pieniluoma}, T. and {Pigozzi}, E. and
         {Poels}, J. and {Prat}, G. and {Prod'homme}, T. and {Raison}, F. and
         {Rebordao}, J.~M. and {Risquez}, D. and {Rocca-Volmerange}, B. and
         {Rosen}, S. and {Ruiz-Fuertes}, M.~I. and {Russo}, F. and {Sembay}, S. and
         {Serraller Vizcaino}, I. and {Short}, A. and {Siebert}, A. and
         {Silva}, H. and {Sinachopoulos}, D. and {Slezak}, E. and {Soffel}, M. and
         {Sosnowska}, D. and {Strai{\v{z}}ys}, V. and {ter Linden}, M. and
         {Terrell}, D. and {Theil}, S. and {Tiede}, C. and {Troisi}, L. and
         {Tsalmantza}, P. and {Tur}, D. and {Vaccari}, M. and {Vachier}, F. and
         {Valles}, P. and {Van Hamme}, W. and {Veltz}, L. and {Virtanen}, J. and
         {Wallut}, J. -M. and {Wichmann}, R. and {Wilkinson}, M.~I. and
         {Ziaeepour}, H. and {Zschocke}, S.},
        title = "{Gaia Data Release 1. Summary of the astrometric, photometric, and survey properties}",
      journal = {Astronomy and Astrophysics},
     keywords = {catalogs, astrometry, parallaxes, proper motions, surveys, Astrophysics - Instrumentation and Methods for Astrophysics},
         year = "2016",
        month = "Nov",
       volume = {595},
          eid = {A2},
        pages = {A2},
          doi = {10.1051/0004-6361/201629512},
archivePrefix = {arXiv},
       eprint = {1609.04172},
 primaryClass = {astro-ph.IM},
       adsurl = {https://ui.adsabs.harvard.edu/abs/2016A&A...595A...2G},
      adsnote = {Provided by the SAO/NASA Astrophysics Data System}
}

@ARTICLE{2018A&A...616A...1G,
       author = {{Gaia Collaboration} and {Brown}, A.~G.~A. and {Vallenari}, A. and
         {Prusti}, T. and {de Bruijne}, J.~H.~J. and {Babusiaux}, C. and
         {Bailer-Jones}, C.~A.~L. and {Biermann}, M. and {Evans}, D.~W. and
         {Eyer}, L. and {Jansen}, F. and {Jordi}, C. and {Klioner}, S.~A. and
         {Lammers}, U. and {Lindegren}, L. and {Luri}, X. and {Mignard}, F. and
         {Panem}, C. and {Pourbaix}, D. and {Randich}, S. and {Sartoretti}, P. and
         {Siddiqui}, H.~I. and {Soubiran}, C. and {van Leeuwen}, F. and
         {Walton}, N.~A. and {Arenou}, F. and {Bastian}, U. and {Cropper}, M. and
         {Drimmel}, R. and {Katz}, D. and {Lattanzi}, M.~G. and {Bakker}, J. and
         {Cacciari}, C. and {Casta{\~n}eda}, J. and {Chaoul}, L. and
         {Cheek}, N. and {De Angeli}, F. and {Fabricius}, C. and {Guerra}, R. and
         {Holl}, B. and {Masana}, E. and {Messineo}, R. and {Mowlavi}, N. and
         {Nienartowicz}, K. and {Panuzzo}, P. and {Portell}, J. and
         {Riello}, M. and {Seabroke}, G.~M. and {Tanga}, P. and
         {Th{\'e}venin}, F. and {Gracia-Abril}, G. and {Comoretto}, G. and
         {Garcia-Reinaldos}, M. and {Teyssier}, D. and {Altmann}, M. and
         {Andrae}, R. and {Audard}, M. and {Bellas-Velidis}, I. and
         {Benson}, K. and {Berthier}, J. and {Blomme}, R. and {Burgess}, P. and
         {Busso}, G. and {Carry}, B. and {Cellino}, A. and {Clementini}, G. and
         {Clotet}, M. and {Creevey}, O. and {Davidson}, M. and {De Ridder}, J. and
         {Delchambre}, L. and {Dell'Oro}, A. and {Ducourant}, C. and
         {Fern{\'a}ndez-Hern{\'a}ndez}, J. and {Fouesneau}, M. and
         {Fr{\'e}mat}, Y. and {Galluccio}, L. and {Garc{\'\i}a-Torres}, M. and
         {Gonz{\'a}lez-N{\'u}{\~n}ez}, J. and {Gonz{\'a}lez-Vidal}, J.~J. and
         {Gosset}, E. and {Guy}, L.~P. and {Halbwachs}, J. -L. and
         {Hambly}, N.~C. and {Harrison}, D.~L. and {Hern{\'a}ndez}, J. and
         {Hestroffer}, D. and {Hodgkin}, S.~T. and {Hutton}, A. and
         {Jasniewicz}, G. and {Jean-Antoine-Piccolo}, A. and {Jordan}, S. and
         {Korn}, A.~J. and {Krone-Martins}, A. and {Lanzafame}, A.~C. and
         {Lebzelter}, T. and {L{\"o}ffler}, W. and {Manteiga}, M. and
         {Marrese}, P.~M. and {Mart{\'\i}n-Fleitas}, J.~M. and {Moitinho}, A. and
         {Mora}, A. and {Muinonen}, K. and {Osinde}, J. and {Pancino}, E. and
         {Pauwels}, T. and {Petit}, J. -M. and {Recio-Blanco}, A. and
         {Richards}, P.~J. and {Rimoldini}, L. and {Robin}, A.~C. and
         {Sarro}, L.~M. and {Siopis}, C. and {Smith}, M. and {Sozzetti}, A. and
         {S{\"u}veges}, M. and {Torra}, J. and {van Reeven}, W. and {Abbas}, U. and
         {Abreu Aramburu}, A. and {Accart}, S. and {Aerts}, C. and
         {Altavilla}, G. and {{\'A}lvarez}, M.~A. and {Alvarez}, R. and
         {Alves}, J. and {Anderson}, R.~I. and {Andrei}, A.~H. and
         {Anglada Varela}, E. and {Antiche}, E. and {Antoja}, T. and
         {Arcay}, B. and {Astraatmadja}, T.~L. and {Bach}, N. and
         {Baker}, S.~G. and {Balaguer-N{\'u}{\~n}ez}, L. and {Balm}, P. and
         {Barache}, C. and {Barata}, C. and {Barbato}, D. and {Barblan}, F. and
         {Barklem}, P.~S. and {Barrado}, D. and {Barros}, M. and
         {Barstow}, M.~A. and {Bartholom{\'e} Mu{\~n}oz}, S. and
         {Bassilana}, J. -L. and {Becciani}, U. and {Bellazzini}, M. and
         {Berihuete}, A. and {Bertone}, S. and {Bianchi}, L. and
         {Bienaym{\'e}}, O. and {Blanco-Cuaresma}, S. and {Boch}, T. and
         {Boeche}, C. and {Bombrun}, A. and {Borrachero}, R. and {Bossini}, D. and
         {Bouquillon}, S. and {Bourda}, G. and {Bragaglia}, A. and
         {Bramante}, L. and {Breddels}, M.~A. and {Bressan}, A. and
         {Brouillet}, N. and {Br{\"u}semeister}, T. and {Brugaletta}, E. and
         {Bucciarelli}, B. and {Burlacu}, A. and {Busonero}, D. and
         {Butkevich}, A.~G. and {Buzzi}, R. and {Caffau}, E. and
         {Cancelliere}, R. and {Cannizzaro}, G. and {Cantat-Gaudin}, T. and
         {Carballo}, R. and {Carlucci}, T. and {Carrasco}, J.~M. and
         {Casamiquela}, L. and {Castellani}, M. and {Castro-Ginard}, A. and
         {Charlot}, P. and {Chemin}, L. and {Chiavassa}, A. and {Cocozza}, G. and
         {Costigan}, G. and {Cowell}, S. and {Crifo}, F. and {Crosta}, M. and
         {Crowley}, C. and {Cuypers}, J. and {Dafonte}, C. and {Damerdji}, Y. and
         {Dapergolas}, A. and {David}, P. and {David}, M. and {de Laverny}, P. and
         {De Luise}, F. and {De March}, R. and {de Martino}, D. and
         {de Souza}, R. and {de Torres}, A. and {Debosscher}, J. and
         {del Pozo}, E. and {Delbo}, M. and {Delgado}, A. and {Delgado}, H.~E. and
         {Di Matteo}, P. and {Diakite}, S. and {Diener}, C. and {Distefano}, E. and
         {Dolding}, C. and {Drazinos}, P. and {Dur{\'a}n}, J. and
         {Edvardsson}, B. and {Enke}, H. and {Eriksson}, K. and {Esquej}, P. and
         {Eynard Bontemps}, G. and {Fabre}, C. and {Fabrizio}, M. and
         {Faigler}, S. and {Falc{\~a}o}, A.~J. and {Farr{\`a}s Casas}, M. and
         {Federici}, L. and {Fedorets}, G. and {Fernique}, P. and
         {Figueras}, F. and {Filippi}, F. and {Findeisen}, K. and {Fonti}, A. and
         {Fraile}, E. and {Fraser}, M. and {Fr{\'e}zouls}, B. and {Gai}, M. and
         {Galleti}, S. and {Garabato}, D. and {Garc{\'\i}a-Sedano}, F. and
         {Garofalo}, A. and {Garralda}, N. and {Gavel}, A. and {Gavras}, P. and
         {Gerssen}, J. and {Geyer}, R. and {Giacobbe}, P. and {Gilmore}, G. and
         {Girona}, S. and {Giuffrida}, G. and {Glass}, F. and {Gomes}, M. and
         {Granvik}, M. and {Gueguen}, A. and {Guerrier}, A. and {Guiraud}, J. and
         {Guti{\'e}rrez-S{\'a}nchez}, R. and {Haigron}, R. and
         {Hatzidimitriou}, D. and {Hauser}, M. and {Haywood}, M. and
         {Heiter}, U. and {Helmi}, A. and {Heu}, J. and {Hilger}, T. and
         {Hobbs}, D. and {Hofmann}, W. and {Holland}, G. and {Huckle}, H.~E. and
         {Hypki}, A. and {Icardi}, V. and {Jan{\ss}en}, K. and
         {Jevardat de Fombelle}, G. and {Jonker}, P.~G. and
         {Juh{\'a}sz}, {\'A}. L. and {Julbe}, F. and {Karampelas}, A. and
         {Kewley}, A. and {Klar}, J. and {Kochoska}, A. and {Kohley}, R. and
         {Kolenberg}, K. and {Kontizas}, M. and {Kontizas}, E. and
         {Koposov}, S.~E. and {Kordopatis}, G. and {Kostrzewa-Rutkowska}, Z. and
         {Koubsky}, P. and {Lambert}, S. and {Lanza}, A.~F. and {Lasne}, Y. and
         {Lavigne}, J. -B. and {Le Fustec}, Y. and {Le Poncin-Lafitte}, C. and
         {Lebreton}, Y. and {Leccia}, S. and {Leclerc}, N. and
         {Lecoeur-Taibi}, I. and {Lenhardt}, H. and {Leroux}, F. and {Liao}, S. and
         {Licata}, E. and {Lindstr{\o}m}, H.~E.~P. and {Lister}, T.~A. and
         {Livanou}, E. and {Lobel}, A. and {L{\'o}pez}, M. and {Managau}, S. and
         {Mann}, R.~G. and {Mantelet}, G. and {Marchal}, O. and
         {Marchant}, J.~M. and {Marconi}, M. and {Marinoni}, S. and
         {Marschalk{\'o}}, G. and {Marshall}, D.~J. and {Martino}, M. and
         {Marton}, G. and {Mary}, N. and {Massari}, D. and
         {Matijevi{\v{c}}}, G. and {Mazeh}, T. and {McMillan}, P.~J. and
         {Messina}, S. and {Michalik}, D. and {Millar}, N.~R. and {Molina}, D. and
         {Molinaro}, R. and {Moln{\'a}r}, L. and {Montegriffo}, P. and
         {Mor}, R. and {Morbidelli}, R. and {Morel}, T. and {Morris}, D. and
         {Mulone}, A.~F. and {Muraveva}, T. and {Musella}, I. and
         {Nelemans}, G. and {Nicastro}, L. and {Noval}, L. and {O'Mullane}, W. and
         {Ord{\'e}novic}, C. and {Ord{\'o}{\~n}ez-Blanco}, D. and {Osborne}, P. and
         {Pagani}, C. and {Pagano}, I. and {Pailler}, F. and {Palacin}, H. and
         {Palaversa}, L. and {Panahi}, A. and {Pawlak}, M. and
         {Piersimoni}, A.~M. and {Pineau}, F. -X. and {Plachy}, E. and
         {Plum}, G. and {Poggio}, E. and {Poujoulet}, E. and {Pr{\v{s}}a}, A. and
         {Pulone}, L. and {Racero}, E. and {Ragaini}, S. and {Rambaux}, N. and
         {Ramos-Lerate}, M. and {Regibo}, S. and {Reyl{\'e}}, C. and
         {Riclet}, F. and {Ripepi}, V. and {Riva}, A. and {Rivard}, A. and
         {Rixon}, G. and {Roegiers}, T. and {Roelens}, M. and
         {Romero-G{\'o}mez}, M. and {Rowell}, N. and {Royer}, F. and
         {Ruiz-Dern}, L. and {Sadowski}, G. and {Sagrist{\`a} Sell{\'e}s}, T. and
         {Sahlmann}, J. and {Salgado}, J. and {Salguero}, E. and {Sanna}, N. and
         {Santana-Ros}, T. and {Sarasso}, M. and {Savietto}, H. and
         {Schultheis}, M. and {Sciacca}, E. and {Segol}, M. and
         {Segovia}, J.~C. and {S{\'e}gransan}, D. and {Shih}, I. -C. and
         {Siltala}, L. and {Silva}, A.~F. and {Smart}, R.~L. and {Smith}, K.~W. and
         {Solano}, E. and {Solitro}, F. and {Sordo}, R. and {Soria Nieto}, S. and
         {Souchay}, J. and {Spagna}, A. and {Spoto}, F. and {Stampa}, U. and
         {Steele}, I.~A. and {Steidelm{\"u}ller}, H. and {Stephenson}, C.~A. and
         {Stoev}, H. and {Suess}, F.~F. and {Surdej}, J. and {Szabados}, L. and
         {Szegedi-Elek}, E. and {Tapiador}, D. and {Taris}, F. and {Tauran}, G. and
         {Taylor}, M.~B. and {Teixeira}, R. and {Terrett}, D. and {Teyssand
        ier}, P. and {Thuillot}, W. and {Titarenko}, A. and {Torra Clotet}, F. and
         {Turon}, C. and {Ulla}, A. and {Utrilla}, E. and {Uzzi}, S. and
         {Vaillant}, M. and {Valentini}, G. and {Valette}, V. and
         {van Elteren}, A. and {Van Hemelryck}, E. and {van Leeuwen}, M. and
         {Vaschetto}, M. and {Vecchiato}, A. and {Veljanoski}, J. and
         {Viala}, Y. and {Vicente}, D. and {Vogt}, S. and {von Essen}, C. and
         {Voss}, H. and {Votruba}, V. and {Voutsinas}, S. and {Walmsley}, G. and
         {Weiler}, M. and {Wertz}, O. and {Wevers}, T. and {Wyrzykowski}, {\L}. and
         {Yoldas}, A. and {{\v{Z}}erjal}, M. and {Ziaeepour}, H. and
         {Zorec}, J. and {Zschocke}, S. and {Zucker}, S. and {Zurbach}, C. and
         {Zwitter}, T.},
        title = "{Gaia Data Release 2. Summary of the contents and survey properties}",
      journal = {Astronomy and Astrophysics},
     keywords = {catalogs, astrometry, techniques: radial velocities, stars: fundamental parameters, stars: variables: general, minor planets, asteroids: general, Astrophysics - Astrophysics of Galaxies, Astrophysics - Instrumentation and Methods for Astrophysics},
         year = "2018",
        month = "Aug",
       volume = {616},
          eid = {A1},
        pages = {A1},
          doi = {10.1051/0004-6361/201833051},
archivePrefix = {arXiv},
       eprint = {1804.09365},
 primaryClass = {astro-ph.GA},
       adsurl = {https://ui.adsabs.harvard.edu/abs/2018A&A...616A...1G},
      adsnote = {Provided by the SAO/NASA Astrophysics Data System}
}

@ARTICLE{2019AJ....157..168D,
       author = {{Dey}, Arjun and {Schlegel}, David J. and {Lang}, Dustin and
         {Blum}, Robert and {Burleigh}, Kaylan and {Fan}, Xiaohui and
         {Findlay}, Joseph R. and {Finkbeiner}, Doug and {Herrera}, David and
         {Juneau}, St{\'e}phanie and {Landriau}, Martin and {Levi}, Michael and
         {McGreer}, Ian and {Meisner}, Aaron and {Myers}, Adam D. and
         {Moustakas}, John and {Nugent}, Peter and {Patej}, Anna and
         {Schlafly}, Edward F. and {Walker}, Alistair R. and
         {Valdes}, Francisco and {Weaver}, Benjamin A. and
         {Y{\`e}che}, Christophe and {Zou}, Hu and {Zhou}, Xu and
         {Abareshi}, Behzad and {Abbott}, T.~M.~C. and {Abolfathi}, Bela and
         {Aguilera}, C. and {Alam}, Shadab and {Allen}, Lori and {Alvarez}, A. and
         {Annis}, James and {Ansarinejad}, Behzad and {Aubert}, Marie and
         {Beechert}, Jacqueline and {Bell}, Eric F. and {BenZvi}, Segev Y. and
         {Beutler}, Florian and {Bielby}, Richard M. and {Bolton}, Adam S. and
         {Brice{\~n}o}, C{\'e}sar and {Buckley-Geer}, Elizabeth J. and
         {Butler}, Karen and {Calamida}, Annalisa and {Carlberg}, Raymond G. and
         {Carter}, Paul and {Casas}, Ricard and {Castander}, Francisco J. and
         {Choi}, Yumi and {Comparat}, Johan and {Cukanovaite}, Elena and
         {Delubac}, Timoth{\'e}e and {DeVries}, Kaitlin and {Dey}, Sharmila and
         {Dhungana}, Govinda and {Dickinson}, Mark and {Ding}, Zhejie and
         {Donaldson}, John B. and {Duan}, Yutong and
         {Duckworth}, Christopher J. and {Eftekharzadeh}, Sarah and
         {Eisenstein}, Daniel J. and {Etourneau}, Thomas and
         {Fagrelius}, Parker A. and {Farihi}, Jay and {Fitzpatrick}, Mike and
         {Font-Ribera}, Andreu and {Fulmer}, Leah and {G{\"a}nsicke}, Boris T. and
         {Gaztanaga}, Enrique and {George}, Koshy and {Gerdes}, David W. and
         {Gontcho}, Satya Gontcho A. and {Gorgoni}, Claudio and
         {Green}, Gregory and {Guy}, Julien and {Harmer}, Diane and {Hernand
        ez}, M. and {Honscheid}, Klaus and {Huang}, Lijuan Wendy and
         {James}, David J. and {Jannuzi}, Buell T. and {Jiang}, Linhua and
         {Joyce}, Richard and {Karcher}, Armin and {Karkar}, Sonia and
         {Kehoe}, Robert and {Kneib}, Jean-Paul and {Kueter-Young}, Andrea and
         {Lan}, Ting-Wen and {Lauer}, Tod R. and {Le Guillou}, Laurent and
         {Le Van Suu}, Auguste and {Lee}, Jae Hyeon and {Lesser}, Michael and
         {Perreault Levasseur}, Laurence and {Li}, Ting S. and
         {Mann}, Justin L. and {Marshall}, Robert and
         {Mart{\'\i}nez-V{\'a}zquez}, C.~E. and {Martini}, Paul and
         {du Mas des Bourboux}, H{\'e}lion and {McManus}, Sean and
         {Meier}, Tobias Gabriel and {M{\'e}nard}, Brice and {Metcalfe}, Nigel and
         {Mu{\~n}oz-Guti{\'e}rrez}, Andrea and {Najita}, Joan and
         {Napier}, Kevin and {Narayan}, Gautham and {Newman}, Jeffrey A. and
         {Nie}, Jundan and {Nord}, Brian and {Norman}, Dara J. and
         {Olsen}, Knut A.~G. and {Paat}, Anthony and
         {Palanque-Delabrouille}, Nathalie and {Peng}, Xiyan and
         {Poppett}, Claire L. and {Poremba}, Megan R. and {Prakash}, Abhishek and
         {Rabinowitz}, David and {Raichoor}, Anand and {Rezaie}, Mehdi and
         {Robertson}, A.~N. and {Roe}, Natalie A. and {Ross}, Ashley J. and
         {Ross}, Nicholas P. and {Rudnick}, Gregory and {Safonova}, Sasha and
         {Saha}, Abhijit and {S{\'a}nchez}, F. Javier and {Savary}, Elodie and
         {Schweiker}, Heidi and {Scott}, Adam and {Seo}, Hee-Jong and
         {Shan}, Huanyuan and {Silva}, David R. and {Slepian}, Zachary and
         {Soto}, Christian and {Sprayberry}, David and {Staten}, Ryan and
         {Stillman}, Coley M. and {Stupak}, Robert J. and {Summers}, David L. and
         {Sien Tie}, Suk and {Tirado}, H. and {Vargas-Maga{\~n}a}, Mariana and
         {Vivas}, A. Katherina and {Wechsler}, Risa H. and {Williams}, Doug and
         {Yang}, Jinyi and {Yang}, Qian and {Yapici}, Tolga and
         {Zaritsky}, Dennis and {Zenteno}, A. and {Zhang}, Kai and
         {Zhang}, Tianmeng and {Zhou}, Rongpu and {Zhou}, Zhimin},
        title = "{Overview of the DESI Legacy Imaging Surveys}",
      journal = {The Astronomical Journal},
     keywords = {catalogs, surveys, Astrophysics - Instrumentation and Methods for Astrophysics},
         year = "2019",
        month = "May",
       volume = {157},
       number = {5},
          eid = {168},
        pages = {168},
          doi = {10.3847/1538-3881/ab089d},
archivePrefix = {arXiv},
       eprint = {1804.08657},
 primaryClass = {astro-ph.IM},
       adsurl = {https://ui.adsabs.harvard.edu/abs/2019AJ....157..168D},
      adsnote = {Provided by the SAO/NASA Astrophysics Data System}
}

@article{Abbott:2005bi,
      author         = "Abbott, T. and others",
      title          = "{The dark energy survey}",
      collaboration  = "DES",
      year           = "2005",
      eprint         = "astro-ph/0510346",
      archivePrefix  = "arXiv",
      primaryClass   = "astro-ph",
      reportNumber   = "FERMILAB-PUB-05-656-A",
      SLACcitation   = "%%CITATION = ASTRO-PH/0510346;%%"
}

@ARTICLE{2016arXiv161205560C,
       author = {{Chambers}, K.~C. and {Magnier}, E.~A. and {Metcalfe}, N. and
         {Flewelling}, H.~A. and {Huber}, M.~E. and {Waters}, C.~Z. and
         {Denneau}, L. and {Draper}, P.~W. and {Farrow}, D. and
         {Finkbeiner}, D.~P. and {Holmberg}, C. and {Koppenhoefer}, J. and
         {Price}, P.~A. and {Rest}, A. and {Saglia}, R.~P. and
         {Schlafly}, E.~F. and {Smartt}, S.~J. and {Sweeney}, W. and
         {Wainscoat}, R.~J. and {Burgett}, W.~S. and {Chastel}, S. and
         {Grav}, T. and {Heasley}, J.~N. and {Hodapp}, K.~W. and {Jedicke}, R. and
         {Kaiser}, N. and {Kudritzki}, R. -P. and {Luppino}, G.~A. and
         {Lupton}, R.~H. and {Monet}, D.~G. and {Morgan}, J.~S. and
         {Onaka}, P.~M. and {Shiao}, B. and {Stubbs}, C.~W. and {Tonry}, J.~L. and
         {White}, R. and {Ba{\~n}ados}, E. and {Bell}, E.~F. and {Bender}, R. and
         {Bernard}, E.~J. and {Boegner}, M. and {Boffi}, F. and
         {Botticella}, M.~T. and {Calamida}, A. and {Casertano}, S. and
         {Chen}, W. -P. and {Chen}, X. and {Cole}, S. and {Deacon}, N. and
         {Frenk}, C. and {Fitzsimmons}, A. and {Gezari}, S. and {Gibbs}, V. and
         {Goessl}, C. and {Goggia}, T. and {Gourgue}, R. and {Goldman}, B. and
         {Grant}, P. and {Grebel}, E.~K. and {Hambly}, N.~C. and {Hasinger}, G. and
         {Heavens}, A.~F. and {Heckman}, T.~M. and {Henderson}, R. and
         {Henning}, T. and {Holman}, M. and {Hopp}, U. and {Ip}, W. -H. and
         {Isani}, S. and {Jackson}, M. and {Keyes}, C.~D. and
         {Koekemoer}, A.~M. and {Kotak}, R. and {Le}, D. and {Liska}, D. and
         {Long}, K.~S. and {Lucey}, J.~R. and {Liu}, M. and {Martin}, N.~F. and
         {Masci}, G. and {McLean}, B. and {Mindel}, E. and {Misra}, P. and
         {Morganson}, E. and {Murphy}, D.~N.~A. and {Obaika}, A. and
         {Narayan}, G. and {Nieto-Santisteban}, M.~A. and {Norberg}, P. and
         {Peacock}, J.~A. and {Pier}, E.~A. and {Postman}, M. and {Primak}, N. and
         {Rae}, C. and {Rai}, A. and {Riess}, A. and {Riffeser}, A. and
         {Rix}, H.~W. and {R{\"o}ser}, S. and {Russel}, R. and {Rutz}, L. and
         {Schilbach}, E. and {Schultz}, A.~S.~B. and {Scolnic}, D. and
         {Strolger}, L. and {Szalay}, A. and {Seitz}, S. and {Small}, E. and
         {Smith}, K.~W. and {Soderblom}, D.~R. and {Taylor}, P. and
         {Thomson}, R. and {Taylor}, A.~N. and {Thakar}, A.~R. and {Thiel}, J. and
         {Thilker}, D. and {Unger}, D. and {Urata}, Y. and {Valenti}, J. and
         {Wagner}, J. and {Walder}, T. and {Walter}, F. and {Watters}, S.~P. and
         {Werner}, S. and {Wood-Vasey}, W.~M. and {Wyse}, R.},
        title = "{The Pan-STARRS1 Surveys}",
      journal = {arXiv e-prints},
     keywords = {Astrophysics - Instrumentation and Methods for Astrophysics, Astrophysics - Earth and Planetary Astrophysics, Astrophysics - Astrophysics of Galaxies, Astrophysics - Solar and Stellar Astrophysics},
         year = "2016",
        month = "Dec",
          eid = {arXiv:1612.05560},
        pages = {arXiv:1612.05560},
archivePrefix = {arXiv},
       eprint = {1612.05560},
 primaryClass = {astro-ph.IM},
       adsurl = {https://ui.adsabs.harvard.edu/abs/2016arXiv161205560C},
      adsnote = {Provided by the SAO/NASA Astrophysics Data System}
}

@ARTICLE{2016A&A...595A...7C,
       author = {{Carrasco}, J.~M. and {Evans}, D.~W. and {Montegriffo}, P. and
         {Jordi}, C. and {van Leeuwen}, F. and {Riello}, M. and {Voss}, H. and
         {De Angeli}, F. and {Busso}, G. and {Fabricius}, C. and {Cacciari}, C. and
         {Weiler}, M. and {Pancino}, E. and {Brown}, A.~G.~A. and {Holland}, G. and
         {Burgess}, P. and {Osborne}, P. and {Altavilla}, G. and {Gebran}, M. and
         {Ragaini}, S. and {Galleti}, S. and {Cocozza}, G. and {Marinoni}, S. and
         {Bellazzini}, M. and {Bragaglia}, A. and {Federici}, L. and
         {Balaguer-N{\'u}{\~n}ez}, L.},
        title = "{Gaia Data Release 1. Principles of the photometric calibration of the G band}",
      journal = {\aap},
     keywords = {instrumentation: photometers, space vehicles: instruments, techniques: photometric, surveys, Galaxy: general, catalogs, Astrophysics - Instrumentation and Methods for Astrophysics},
         year = "2016",
        month = "Nov",
       volume = {595},
          eid = {A7},
        pages = {A7},
          doi = {10.1051/0004-6361/201629235},
archivePrefix = {arXiv},
       eprint = {1611.02036},
 primaryClass = {astro-ph.IM},
       adsurl = {https://ui.adsabs.harvard.edu/abs/2016A&A...595A...7C},
      adsnote = {Provided by the SAO/NASA Astrophysics Data System}
}

@ARTICLE{2015ApJS..221...12S,
       author = {{Secrest}, N.~J. and {Dudik}, R.~P. and {Dorland}, B.~N. and
         {Zacharias}, N. and {Makarov}, V. and {Fey}, A. and {Frouard}, J. and
         {Finch}, C.},
        title = "{Identification of 1.4 Million Active Galactic Nuclei in the Mid-Infrared using WISE Data}",
      journal = {\apjs},
     keywords = {astrometry, catalogs, infrared: galaxies, infrared: stars, galaxies: active, quasars: general, Astrophysics - Astrophysics of Galaxies},
         year = "2015",
        month = "Nov",
       volume = {221},
       number = {1},
          eid = {12},
        pages = {12},
          doi = {10.1088/0067-0049/221/1/12},
archivePrefix = {arXiv},
       eprint = {1509.07289},
 primaryClass = {astro-ph.GA},
       adsurl = {https://ui.adsabs.harvard.edu/abs/2015ApJS..221...12S},
      adsnote = {Provided by the SAO/NASA Astrophysics Data System}
}

@article{10.1093/mnras/stx3042,
    author = {Baldry, I K and Liske, J and Brown, M J I and Robotham, A S G and Driver, S P and Dunne, L and Alpaslan, M and Brough, S and Cluver, M E and Eardley, E and Farrow, D J and Heymans, C and Hildebrandt, H and Hopkins, A M and Kelvin, L S and Loveday, J and Moffett, A J and Norberg, P and Owers, M S and Taylor, E N and Wright, A H and Bamford, S P and Bland-Hawthorn, J and Bourne, N and Bremer, M N and Colless, M and Conselice, C J and Croom, S M and Davies, L J M and Foster, C and Grootes, M W and Holwerda, B W and Jones, D H and Kafle, P R and Kuijken,  K and Lara-Lopez, M A and López-Sánchez, Á R and Meyer, M J and Phillipps, S and Sutherland, W J and van Kampen, E and Wilkins, S M},
    title = "{Galaxy And Mass Assembly: the G02 field, Herschel–ATLAS target selection and data release 3}",
    journal = {Monthly Notices of the Royal Astronomical Society},
    volume = {474},
    number = {3},
    pages = {3875-3888},
    year = {2017},
    month = {11},
    abstract = "{We describe data release 3 (DR3) of the Galaxy And Mass Assembly (GAMA) survey. The GAMA survey is a spectroscopic redshift and multiwavelength photometric survey in three equatorial regions each of 60.0 deg2 (G09, G12, and G15), and two southern regions of 55.7 deg2 (G02) and 50.6 deg2 (G23). DR3 consists of: the first release of data covering the G02 region and of data on H-ATLAS (Herschel – Astrophysical Terahertz Large Area Survey) sources in the equatorial regions; and updates to data on sources released in DR2. DR3 includes 154 809 sources with secure redshifts across four regions. A subset of the G02 region is 95.5 per cent redshift complete to r \\&lt; 19.8 mag over an area of 19.5 deg2, with 20 086 galaxy redshifts, that overlaps substantially with the XXL survey (X-ray) and VIPERS (redshift survey). In the equatorial regions, the main survey has even higher completeness (98.5 per cent), and spectra for about 75 per cent of H-ATLAS filler targets were also obtained. This filler sample extends spectroscopic redshifts, for probable optical counterparts to H-ATLAS submillimetre sources, to 0.8 mag deeper (r \\&lt; 20.6 mag) than the GAMA main survey. There are 25 814 galaxy redshifts for H-ATLAS sources from the GAMA main or filler surveys. GAMA DR3 is available at the survey website (www.gama-survey.org/dr3/).}",
    issn = {0035-8711},
    doi = {10.1093/mnras/stx3042},
    url = {https://doi.org/10.1093/mnras/stx3042},
    eprint = {http://oup.prod.sis.lan/mnras/article-pdf/474/3/3875/23002665/stx3042.pdf},
}
